@Book{xie2015,
  title = {Drumlogs},
  author = {Isaac Medina},
  year = {2022},
  edition = {1st},
  url = {https:},
}
